@Book{Rybicka,
author = "Rybička, Jiří",
title = "\LaTeX pro začátečníky",
publisher = "Konvoj",
year = "2003",
edition = "3",
address = "Brno",
isbn = "80--7302--049--1",
}

@Article{Atlantic,
author = "Tejkalová, Nina",
title = "Typografie - klasifikace a pravidla",
journal = "Atlantic",
howpublished = "online",
cited = "2018-04-16",
url = "https://www.atlantic.cz/typografie",
}


@MasterThesis{Uhlirova,
author = "Martina Uhlířová",
title = "Typografie web designu",
address = "Praha",
year = "2016",
school = "Univerzita Karlova v Praze, Filozofická fakulta"
}

@Misc{Matysova,
author = "Matýsová, Tereza",
title = "Typografie odborného textu",
howpublished = "online",
cited = "2018-04-16",
url = "https://is.muni.cz/el/1421/podzim2011/KPI22/um/28316518/typo-opora.pdf",
}

@Misc{Janecek,
author = "Janeček, Zdeněk",
title = "Užití typografického systému \LaTeX",
howpublished = "online",
cited = "2018-04-16",
url = "http://home.zcu.cz/~janecekz/prace.pdf",
}

@MasterThesis{Cerny,
author = "Martin Černý",
title = "Znakové sady v typografických systémech",
school = "Mendelova zemědělská a lesnická univerzita v Brně, Fakulta provozně ekonomická",
address = "Brno",
year = "1999",
}

@Book{TheLatexCompanion,
author = "Goossens, Michael and Mittelbach, Frank and Samarin, Alexander",
title = "The \LaTeX companion",
publisher = "Addison-Wesley",
year = "1994",
address = "	Massachusetts",
pages = "528",
isbn = "0-201-54199-8",
}

@Article{Kuzu,
author = "Kuzu, Elif Bugra and Ceylan, Beril",
title = "Typographic properties of online learning environments for adults",
journal = "Procedia Social and Behavioral Sciences",
year = "2010",
volume = "9",
pages = "879–883",
issn = "1877-0428",
}

@Article{Sullivan,
author = "Sullivan, Eric and Melvin, Timothy",
title = "Enhancing Student Writing and Computer Programming with LATEX and MATLAB in Multivariable Calculus",
journal = "Primus",
year = "2016",
volume = "26",
number = "6",
pages = "509–530",
issn = "1051-1970",
}


@Article{Typo,
journal = "Typo",
year = "Praha: Svět tisku, spol. s r. o., 2006",
volume = "4",
number = "19",
issn = "1051-1970",
}
